
%@type{cle,
%  author    = {Nom, Prénom and AutreNom, Prénom},
%  title     = {Titre de l'ouvrage ou de l'article},
%  journal   = {Nom du journal},        % seulement si article
%  booktitle = {Titre du livre},        % seulement si chapitre
%  series    = {Nom de la collection},  % optionnel
%  volume    = {Numéro de volume},
%  number    = {Numéro},
%  pages     = {123--145},
%  publisher = {Maison d'édition},
%  year      = {Année},
%  edition   = {Édition},               % optionnel
%  note      = {Commentaire},           % optionnel
%}

@book{revuz-yor,
  author    = {Revuz, Daniel and Yor, Marc},
  title     = {Continuous Martingales and Brownian Motion},
  series    = {Grundlehren der mathematischen Wissenschaften},
  volume    = 293,
  publisher = {Springer},
  year      = 1999,
  edition   = {3rd},
  note      = {ISBN 978-3-540-64325-7}
}

%@misc{zambotti,
%  author       = {Zambotti, Lorenzo},
%  title        = {Random Obstacle Problems},
%  howpublished = {Lecture Notes},  % Notes de cours
%  year         = {2017},           % à vérifier
%  url          = \href{https://link.springer.com/book/10.1007/978-3-319-52096-4}{[springer link]}
%}
%
%@misc{fournier,
%  author       = {Fournier, Nicolas},
%  title        = {Révisions de M2 : Intégrations et Probabilités},
%  howpublished = {Notes de cours de Master 2, Université Paris Cité},
%  url          = https://perso.lpsm.paris/~nfournier/
%%  year         = {2022}            % à confirmer
%}
%
%@misc{russo,
%  author       = {Russo, Francesco},
%  title        = {Calcul stochastique},
%  howpublished = {Notes de cours de Master 1, ENSTA Paris},
%%  year         = {2021}            % à confirmer
%}
%
%@book{kuo,
%  author    = {Kuo, Hui-Hsiung},
%  title     = {Introduction to Stochastic Integration},
%  series    = {Universitext},
%  publisher = {Springer},
%  year      = 2006,
%  edition   = {2nd},
%  note      = {ISBN 978-0-387-27949-5}
%}
%@article{ito1944,
%  author    = {Itō, Kiyoshi},
%  title     = {Stochastic integral},
%  journal   = {Proc. Imp. Acad. Tokyo},
%  volume    = {20},
%  pages     = {519--524},
%  year      = {1944},
%  note      = {\href{https://djalil.chafai.net/docs/M2/history-brownian-motion/Ito\%20-\%201944.pdf}{[Euclid]}}
%}
%
%@book{legall,
%  author    = {Le Gall, Jean-François},
%  title     = {Brownian Motion, Martingales, and Stochastic Calculus},
%  series    = {Graduate Texts in Mathematics},
%  volume    = 274,
%  publisher = {Springer},
%  year      = 2016,
%  note      = {Chapter 9}
%}
%
%@misc{almostsure,
%  author       = {Lowther, George},
%  title        = {Almost Sure},
%  howpublished = {\href{https://almostsuremath.com/2020/05/03/semimartingale-local-times/}{[Almost Sure Blog]}},
%  year         = 2020,
%  note         = "Stochastic Processes - Local times" 
%}